<?xml version="1.0" encoding="UTF-8"?><record xmlns="http://www.loc.gov/MARC21/slim" xmlns:cinclude="http://apache.org/cocoon/include/1.0" xmlns:zs="http://www.loc.gov/zing/srw/">
  <leader>00446cz  a2200133n  4500</leader>
  <controlfield tag="001">n  80134064 </controlfield>
  <controlfield tag="003">DLC</controlfield>
  <controlfield tag="005">20090201080841.0</controlfield>
  <controlfield tag="008">801023n| acannaabn          |n aaa      </controlfield>
  <datafield tag="010" ind1=" " ind2=" ">
    <subfield code="a">n  80134064 </subfield>
  </datafield>
  <datafield tag="035" ind1=" " ind2=" ">
    <subfield code="a">(OCoLC)oca00514405</subfield>
  </datafield>
  <datafield tag="040" ind1=" " ind2=" ">
    <subfield code="a">DLC</subfield>
    <subfield code="b">eng</subfield>
    <subfield code="c">DLC</subfield>
    <subfield code="d">OCoLC</subfield>
  </datafield>
  <datafield tag="100" ind1="1" ind2=" ">
    <subfield code="a">Gittins, Jack,</subfield>
    <subfield code="d">1908-1977</subfield>
  </datafield>
  <datafield tag="670" ind1=" " ind2=" ">
    <subfield code="a">MacGregor-Morris, P. Jack Gittins, master horseman, 1980 (subj.)</subfield>
    <subfield code="b">t.p. (Jack Gittins, master horseman) foreword (d. 1977) p. 17 (b. 1908)</subfield>
  </datafield>
</record>